@book{bilgin2020mastering,
  title={Mastering Reinforcement Learning with Python: Build next-generation, self-learning models using reinforcement learning techniques and best practices},
  author={Bilgin, E.},
  isbn={9781838648497},
  url={https://books.google.com.mx/books?id=s0MQEAAAQBAJ},
  year={2020},
  publisher={Packt Publishing}
}
