@article{knuth84,
  author = {Knuth, Donald E.},
  title = {Literate Programming},
  year = {1984},
  issue_date = {May 1984},
  publisher = {Oxford University Press, Inc.},
  address = {USA},
  volume = {27},
  number = {2},
  issn = {0010-4620},
  url = {https://doi.org/10.1093/comjnl/27.2.97},
  doi = {10.1093/comjnl/27.2.97},
  journal = {Comput. J.},
  month = may,
  pages = {97â€“111},
  numpages = {15}
}

@book {Brunton2019,
    AUTHOR = {Brunton, Steven L. and Kutz, J. Nathan},
     TITLE = {Data-driven science and engineering},
      NOTE = {Machine learning, dynamical systems, and control},
 PUBLISHER = {Cambridge University Press, Cambridge},
      YEAR = {2019},
     PAGES = {xxii+472},
      ISBN = {978-1-108-42209-3},
   MRCLASS = {62-07 (37N35 62H30 62Jxx 93B11 94Cxx)},
  MRNUMBER = {3930582},
       DOI = {10.1017/9781108380690},
       URL = {https://doi.org/10.1017/9781108380690},
}

@book {Bertsekas2005,
    AUTHOR = {Bertsekas, Dimitri P.},
     TITLE = {Dynamic programming and optimal control. {V}ol. {I}},
   EDITION = {Third},
 PUBLISHER = {Athena Scientific, Belmont, MA},
      YEAR = {2005},
     PAGES = {xvi+543},
      ISBN = {1-886529-26-4},
   MRCLASS = {49-01 (49L20 90-01 90C39 90C40 91B02 93-01)},
  MRNUMBER = {2183196},
MRREVIEWER = {On\'{e}simo\ Hern\'{a}ndez Lerma},
}

@book {Sutton2018,
    AUTHOR = {Sutton, Richard S. and Barto, Andrew G.},
     TITLE = {Reinforcement learning: an introduction},
    SERIES = {Adaptive Computation and Machine Learning},
   EDITION = {Second},
 PUBLISHER = {MIT Press, Cambridge, MA},
      YEAR = {2018},
     PAGES = {xxii+526},
      ISBN = {978-0-262-03924-6},
   MRCLASS = {68-02 (62C25 68T05 90C39 90C40)},
  MRNUMBER = {3889951},
MRREVIEWER = {Ronald\ Ortner},
}
@book {Szepesvari2022,
    AUTHOR = {Szepesv\'{a}ri, Csaba},
     TITLE = {Algorithms for reinforcement learning},
    SERIES = {Synthesis Lectures on Artificial Intelligence and Machine
              Learning},
    VOLUME = {9},
      NOTE = {Reprint of the 2010 original},
 PUBLISHER = {Springer, Cham},
      YEAR = {2022},
     PAGES = {xii+89},
      ISBN = {978-3-031-00423-0; 978-3-031-01551-9},
   MRCLASS = {68-01 (68T05 90C40)},
  MRNUMBER = {4647095},
       DOI = {10.1007/978-3-031-01551-9},
       URL = {https://doi.org/10.1007/978-3-031-01551-9},
}

@book{Bilgin2020,
  title={Mastering Reinforcement Learning with Python: Build next-generation, self-learning models using reinforcement learning techniques and best practices},
  author={Bilgin, E.},
  isbn={9781838648497},
  url={https://books.google.com.mx/books?id=s0MQEAAAQBAJ},
  year={2020},
  publisher={Packt Publishing}
}

@book {Bellman1957a,
    AUTHOR = {Bellman, Richard},
     TITLE = {Dynamic programming},
 PUBLISHER = {Princeton University Press, Princeton, NJ},
      YEAR = {1957},
     PAGES = {xxv+342},
   MRCLASS = {90.0X},
  MRNUMBER = {90477},
MRREVIEWER = {J.\ Kiefer},
}

@book{brandimarte2013numerical,
  title={Numerical methods in finance and economics: 
  a MATLAB-based introduction},
  author={Brandimarte, Paolo},
  year={2013},
  edition = {2},
  publisher={John Wiley \& Sons},
	address = {Hoboken, New Jersey}
}

@article{Rust1987, 
year = {1987}, 
title = {{Optimal Replacement of GMC Bus Engines: An Empirical Model of Harold Zurcher}}, 
author = {Rust, John}, 
journal = {Econometrica}, 
issn = {0012-9682}, 
doi = {10.2307/1911259}, 
pages = {999}, 
number = {5}, 
volume = {55}, 
keywords = {}
}

@misc{Starchursky2024,
  author = {John Stachurski.},
  title = {Dynamic Programming Volume 1},
  year = {2024},
  publisher = {GitHub},
  journal = {GitHub repository},
  howpublished = {\url{https://github.com/QuantEcon/book-dp1-public}},
  commit = {db75e5baef53b0}
}

@article{QuantEcon2024,
author = {Batista, Quentin and Coleman, Chase and Furusawa, Yuya and Hu, Shu and Lunagariya, Smit and Lyon, Spencer and McKay, Matthew and Oyama, Daisuke and Sargent, Thomas J. and Shi, Zejin and Stachurski, John and Winant, Pablo and Watkins, Natasha and Yang, Ziyue and Zhang, Hengcheng},
doi = {10.5281/zenodo.10345102},
title = {QuantEcon.py: A community based Python library for quantitative economics},
year = {2024},
journal = {Journal of Open Source Software},
volume = {9},
number = {93},
pages = {5585}
}



